2884 4859
896 341 1754 426 fustuario:
2176 365 2387 433 ‘xm'

258 567 585 631 eorum,
670 537 811 639 qui
887 558 1210 645 utuntur
1279 541 1416 632 iis,
1502 542 1894 637 judicium*
1966 549 2376 647 requirant.
2489 609 2504 618 2

245 657 538 749 ¹Quum
595 645 807 718 enim
850 650 1330 740 Burmannus
1384 648 2022 746 copiosissimam.
2056 673 2374 734 annom-.-

271 754 620 836 tionum,
662 772 846 846 quas
878 754 1221 848 superior
1252 769 1449 825 aetas
1479 755 1884 849 pepererat,
1921 757 2194 830 silvam
2218 782 2364 831 suo

262 858 559 954 suique
585 854 953 947 temporis
987 878 1204 928 more
1247 856 1452 955 larga
1502 879 1739 931 manu.
1786 857 2146 947 dedisset,
2177 873 2373 934 “suc-

257 959 508 1036 cessit
540 953 1129 1055 Oudendorpius
1149 1012 1170 1045 ,
1223 959 1575 1057 princeps
1621 960 1777 1032 fere
1822 962 2021 1038 inter
2047 969 2371 1040 Batavos
2424 966 2429 969 ’

252 1063 360 1152 in
395 1058 805 1136 elimandis
832 1062 1286 1135 Latinorum
1321 1066 1869 1152 monumentis,
1925 1081 2377 1166 secutusque

260 1165 595 1266 quidem
647 1165 946 1240 Graevii
989 1183 1063 1238 et
1105 1168 1676 1246 Gronoviorum
1741 1171 2092 1271 vestigia,
2167 1189 2378 1248 tanta

260 1268 644 1345 excelluit
672 1268 761 1339 in
792 1267 1179 1358 subsidiis,
1231 1296 1420 1368 quae
1453 1272 1683 1344 etiam
1711 1296 1917 1346 nova
1953 1272 2153 1348 haud
2189 1299 2379 1371 pau-

263 1398 365 1448 ca
402 1373 477 1445 ei
509 1372 1043 1470 suppetebant,
1094 1392 1169 1446 et
1222 1377 1752 1472 comparandis
1813 1394 1885 1449 et
1941 1377 2375 1477 digerendis

265 1475 718 1575 diligentia,
770 1493 1110 1550 accurata
1140 1478 1450 1578 linguae
1483 1497 1556 1551 et
1583 1503 1834 1552 rerum
1861 1482 2212 1569 scientia,
2257 1481 2377 1576 ju-

266 1578 476 1654 dicii
508 1577 833 1675 denique
881 1580 1273 1669 acumine,
1320 1599 1409 1654 ut
1455 1582 1738 1677 primas
1781 1583 1867 1655 in
1919 1582 2376 1659 demerendo

264 1680 445 1757 hoc
473 1699 771 1756 auctore
800 1701 1048 1781 partes
1073 1684 1462 1758 vindicare
1496 1684 1647 1758 sibi
1676 1704 1958 1782 posset.
2037 1695 2150 1760 Ita
2183 1689 2380 1761 mihi
2486 1682 2498 1693 ⁹

200 1834 209 1842 ·
272 1786 576 1872 saltem,
609 1784 677 1858 si
701 1785 1043 1886 profiteri
1070 1788 1275 1875 licet,
1327 1787 1539 1885 quod
1569 1790 1845 1876 sentio,
1898 1813 2195 1888 semper
2227 1792 2380 1866 fuit

272 1911 762 1989 persuasum,
815 1885 1066 1988 neque
1094 1889 1390 1964 flectere
1430 1892 1688 1987 potuit
1718 1892 2066 1982 animum
2116 1914 2381 1988 aucto-7

262 1994 461 2068 ritas
503 1989 854 2066 nominis
885 1994 1353 2082 Ernestiani,
1412 1996 1852 2069 communis
1896 1998 2177 2094 patriae
2218 2018 2379 2073 stu-

262 2096 415 2170 dio
450 2090 773 2169 fortasse
806 2094 1083 2189 adjuta.
1156 2105 1636 2198 Quamquam
1665 2100 1874 2172 enim
1906 2119 2076 2174 toto
2113 2091 2379 2176 animo

268 2199 377 2274 ab
412 2198 510 2272 iis
544 2221 725 2272 sum
759 2199 1052 2273 alienus
1075 2255 1097 2290 ,
1153 2201 1290 2298 qui
1318 2201 1557 2274 hodie
1583 2201 1673 2275 id
1704 2204 1931 2276 unice
1965 2224 2233 2304 agunt,
2285 2223 2378 2280 ut

267 2303 367 2377 in
418 2303 857 2376 Ernestium
894 2304 1182 2402 ubique
1223 2303 1722 2394 invehantur,
1775 2326 1889 2397 et,
1937 2333 2093 2406 quo
2133 2309 2380 2400 major

267 2404 659 2504 superiori
696 2428 884 2480 aevo
918 2407 1149 2499 hujus
1183 2409 1334 2483 viri
1381 2408 1774 2482 celebritas
1826 2404 2012 2500 fuit,
2067 2438 2158 2485 eo
2215 2437 2381 2512 gra-

268 2510 486 2586 viori
514 2509 914 2584 acerbitate
945 2509 1037 2583 de
1068 2512 1389 2586 summis
1423 2512 1582 2605 ejus
1617 2512 1908 2586 meritis
1934 2511 2088 2611 per'
2115 2542 2378 2614 quam-

268 2613 475 2690 libet
498 2612 985 2688 occasionem
1022 2613 1431 2703 detrahant,
1466 2641 1740 2715 negare
1767 2637 2020 2691 tamen
2054 2644 2379 2721 nequeo,

275 2740 555 2816 parum
612 2741 911 2814 semper
955 2717 1153 2791 mihi
1204 2720 1582 2815 placuisse
1646 2720 2116 2813 editionum,
2194 2748 2378 2820 quas

280 2822 374 2896 in
402 2820 1081 2911 inventutis-usum
1115 2822 1594 2918 procuravit,
1643 2824 2043 2898 rationem.
2112 2830 2385 2922 Asper-

160 2927 167 2932 ’
290 2945 419 2996 sae
484 2925 689 2996 enim
741 2922 1069 2997 subinde
1140 2927 1494 3012 notulae,
1610 2927 1957 3022 quamvis
2021 2929 2385 3002 eximiam

296 3049 593 3120 semper
626 3028 945 3124 prodant
978 3027 1131 3101 viri
1181 3027 1732 3115 eruditionem,
1787 3028 1976 3104 adeo
2025 3056 2122 3103 ex
2166 3027 2381 3105 mero

170 3139 187 3150 “
283 3129 535 3228 magis
568 3130 867 3219 lubitu,
906 3155 1132 3229 quam
1176 3150 1380 3204 certo
1426 3132 1797 3232 consiliu,
1841 3134 2223 3231 profectae
2264 3136 2384 3208 vi-

278 3231 597 3324 dentur,
671 3253 763 3309 ut
804 3235 1382 3332 praetermissis,
1458 3260 1641 3333 quas
1692 3238 2058 3332 plurimas
2109 3265 2383 3337 prove·

276 3337 606 3412 etiorem
620 3338 877 3412 'etiam
918 3336 1276 3430 iuvenem
1313 3339 1634 3426 morari,
1689 3341 1850 3435 ipse
1890 3345 2081 3418 olim
2119 3369 2380 3442 exper-
2447 3342 2454 3348 ’

271 3459 410 3517 tus
466 3466 683 3531 sum,
764 3440 1415 3529 difficultatibus,
1477 3441 1870 3541 longiores
1926 3448 2093 3528 aliis
2150 3449 2416 3535 locis„

154 3587 159 3594 ·
273 3543 426 3622 nbi
483 3540 749 3620 minus
803 3567 1038 3643 opus,
1110 3565 1183 3620 et
1233 3564 1534 3646 argutae
1579 3571 2182 3648 nonnunquam,
2240 3551 2380 3623 ubi

275 3649 664 3722 intentior
695 3674 868 3722 cura
894 3668 1109 3738 tanto
1151 3650 1321 3723 viro
1371 3673 1679 3725 omnem
1722 3653 2170 3747 scrupulum
2211 3677 2385 3724 *exe-

285 3750 587 3842 misset,
649 3752 952 3826 facilem
997 3753 1390 3851 scriptoris
1439 3755 1852 3828 lectionem
1903 3777 2218 3851 eamque
2261 3757 2386 3828 in-

288 3847 540 3952 genii,
609 3856 1021 3944 dictionis,
1089 3857 1513 3957 argumenti
1567 3858 2130 3957 cognitionem,
2191 3882 2386 3952 quae

283 3955 388 4030 ad
455 3957 1051 4033 familiaritatem
1119 3960 1498 4060 quandam
1550 3984 1724 4036 cum
1782 3978 2086 4032 auctore
2137 3985 2387 4033 assur-

280 4083 466 4159 gere
511 4064 765 4148 debet,
835 4065 1154 4137 minime
1207 4057 1579 4147 efficiant3
1663 4083 1884 4158 atque
1930 4065 2109 4136 huic
2158 4063 2386 4136 unico

282 4186 592 4250 causae,
681 4168 894 4263 quod
942 4167 1375 4242 Ernestium
1429 4187 1590 4240 non
1647 4165 1943 4243 dedisse
1995 4167 2398 4265 putabam,v

281 4290 479 4362 quae
510 4268 708 4341 ‘dare
758 4271 1169 4365 potuisset,
1229 4296 1397 4344 non
1438 4257 2003 4358 im'modestiae,
2057 4274 2180 4347 vel
2236 4273 2384 4342 mi·

264 4371 454 4446 nori
493 4374 1125 4480 praestanti-ssimi
1178 4375 1266 4451 in
1310 4367 1676 4480 plurimis
1709 4375 2106 4452 literarum
2161 4399 2386 4476 gene-
