2884 4859
588 217 796 324 xvui
1114 251 1139 316 .“
1241 227 2049 346 reatinam-19:

510 515 520 530 ,
611 441 947 515 diversas
977 431 1346 516 lectiones
1404 431 1760 508 distribui
1808 436 1992 510 alias
2041 437 2351 530 solent„¹⁴
2383 464 2536 518 una
2576 463 2700 516 ea-

616 546 938 638 demque
970 538 1286 638 ingenio
1325 555 1398 609 et
1432 539 1692 613 animo
1723 541 2025 636 possint
2055 544 2470 664 propinari.
2520 552 2566 627 J
2570 570 2696 618 am

616 671 806 746 quae
851 641 1103 718 solent
1151 641 1644 716 Graecorum
1665 664 2160 718 monumenta
2198 647 2281 720 in
2338 648 2696 722 manibus

614 775 774 828 esse
812 745 1596 831 adolescentulorum,
1644 746 1803 820 nisi
1832 749 2212 824 Plutarchi
2261 750 2458 824 forte
2501 751 2710 828 hanc

613 856 739 930 vel
786 852 999 924 illam
1039 850 1277 924 vitam
1338 851 1748 945 exceperim
1821 871 1931 937 et,
1984 854 2050 925 si
2104 855 2431 950 amplior
2473 854 2708 928 etiam

615 955 997 1054 magistris
1028 956 1410 1049 supellex,
1470 953 1864 1048 quomodo
1895 974 2258 1050 poterunt
2290 951 2548 1030 afferre
2581 973 2708 1031 tot

612 1058 1016 1135 volumina
1048 1054 1357 1153 eiusque
1385 1058 1828 1155 plerumque
1863 1059 2117 1144 molis.
2162 1078 2235 1132 et
2261 1060 2710 1157 conquirere

560 1187 565 1196 ·
608 1167 831 1239 lucos
866 1161 948 1236 in
989 1160 1427 1233 auctoribus
1459 1163 1741 1256 passim
1778 1161 2156 1259 dispersos
2182 1217 2203 1250 ,
2267 1164 2432 1237 sine
2467 1162 2710 1236 maxi·-

614 1291 740 1342 ma
807 1264 1198 1351 molestia,
1271 1281 1346 1336 et
1389 1265 1498 1334 rei
1537 1289 1716 1350 ιιοιιΙ
1745 1265 2002 1338 minus
2055 1291 2281 1362 quam
2336 1264 2706 1362 temporis

614 1364 1128 1446 detrimento?
1230 1367 1376 1442 Hi·
1413 1367 1652 1466 igitur
1680 1367 1952 1444 ductus
1996 1369 2465 1455 rationibus,
2516 1387 2706 1466 quas

608 1497 826 1552 veras
863 1472 1056 1544 mihi
1086 1472 1545 1564 experientia
1579 1488 1652 1542 et
1685 1472 2129 1567 quotidiana
2150 1527 2170 1556 ,
2223 1474 2523 1569 quaein
2556 1473 2709 1544 hoc

607 1573 1120 1652 institutionis
1149 1595 1419 1671 genere
1447 1593 1781 1650 versatur
1801 1628 1823 1660 ,
1882 1599 2109 1671 opera
2147 1577 2325 1652 satie
2358 1600 2715 1671 compro·

611 1680 1008 1765 baverant,
1070 1683 1283 1771 prius
1333 1703 1562 1772 quam
1609 1677 1705 1750 ad
1753 1679 2403 1775 interpretandum
2445 1686 2710 1752 Sueto·

490 1793 501 1808 '
607 1784 835 1860 nium
883 1780 1344 1865 accederem,
1412 1781 1533 1853 vel
1589 1780 1915 1856 aliorum
1960 1782 2545 1856 commentarios
2593 1781 2712 1853 di-

609 1884 1004 2005 ligentiori
1054 1882 1310 1956 studio
1362 1901 1898 2001 perscrutarer,
1965 1886 2357 1981 repetitam
2401 1885 2710 1968 institui

502 1997 511 2002 ’
609 1975 988 2074 fontium,
1036 1992 1496 2060 Graecorum
1528 1987 1940 2074 maxime,
1933 1989 2402 2074 lectionem,
2456 1989 2593 2085 qui
2625 2005 2710 2064 ut

610 2094 697 2168 in
760 2091 1097 2166 Caesaris
1144 2107 1218 2164 et
1257 2089 1584 2187 Augusti
1655 2089 1808 2163 vita
1871 2092 2285 2191 largissimi
2355 2087 2710 2212 affluunt,

494 2247 507 2264 .
610 2222 801 2274 mox
858 2195 1143 2270 sensim
1180 2194 1617 2289 sensimque
1666 2192 2106 2272 decrescunt
2154 2213 2227 2268 at
2268 2195 2577 2272 tandem
2622 2195 2711 2270 iix
2801 2281 2808 2288 ,

609 2325 773 2376 uno
826 2295 980 2370 fere
1031 2297 1295 2370 Dione
1337 2320 1580 2392 eoque
1629 2319 1728 2368 ne
1776 2287 2079 2396 integro
2141 2299 2452 2395 quidem
2517 2298 2706 2388 resi-

610 2404 828 2478 dunt.
934 2407 1053 2475 Ex
1099 2400 1261 2486 his,
1330 2425 1520 2496 quae
1557 2406 1849 2474 Nostro
1903 2401 2206 2500 gemina
2253 2421 2535 2490 essent,
2591 2383 2705 2476 di-

600 2509 931 2606 ligen'ter
971 2521 1351 2597 excerpta,
1405 2520 1668 2599 postea
1715 2503 1799 2576 in
1854 2505 2318 2588 adstruenda
2360 2507 2523 2602 ipsa
2573 2531 2704 2578 an-

510 2691 521 2708 ·
608 2609 1012 2696 notatione
1041 2630 1252 2680 novo
1302 2606 1616 2678 dilectui
1659 2604 1991 2698 subjeci,
2045 2609 2250 2681 unde
2293 2608 2374 2680 id
2416 2608 2740 2682 factum·

607 2735 831 2809 spero
850 2729 1016 2797 (λιι
1050 2709 1422 2804 aptiorem
1461 2710 1763 2828 saepius
1808 2712 2071 2784 locum
2124 2731 2196 2784 et
2237 2711 2706 2786 reconditio-

606 2841 810 2904 rem,
876 2838 1129 2911 quam
1162 2813 1435 2908 reliqui
1477 2813 1955 2908 interpretes,
2024 2815 2520 2911 compararim
2541 2865 2561 2899 ,
2611 2816 2702 2886 in.

611 2945 759 3018 qua
786 2937 1040 2992 tamen
1066 2940 1145 2989 re
1170 2909 1371 2988 haud
1402 2939 1674 3035 parum
1700 2915 2045 3007 adjutum
2079 2941 2203 2992 me
2231 2917 2472 2992 fateor
2496 2939 2700 3015 egre-

608 3025 741 3124 gio
782 3017 1104 3095 Fabricii
1137 3037 1210 3089 et
1244 3018 1625 3092 Reimari
1603 3045 1684 3089 ιιι
1729 3022 2070 3093 Dionem
2103 3022 2698 3116 commentario}

607 3128 772 3209 vel,
856 3124 990 3196 ubi
1048 3138 1427 3218 praerepta
1488 3119 1644 3209 iam
1700 3145 1740 3193 a
1809 3123 2332 3217 superioribus
2393 3126 2716 3200 mateffl'

612 3246 844 3314 esset,
897 3225 1089 3302 meis
1132 3243 1381 3316 tamen
1436 3223 1687 3302 oculis
1735 3223 2036 3323 singula
2086 3224 2406 3348 vidiqffl:
2455 3250 2707 3324 neque

536 3359 543 3368 ·
582 3337 950 3428 'unquam
998 3331 1081 3402 in
1126 3329 1368 3401 aliena
1417 3327 2044 3424 auctoritate'acq
2254 3353 2418 3418 sse„
2484 3332 2708 3410 laudi

612 3438 882 3510 ducere
915 3430 1113 3516 mihi
1138 3432 1452 3528 possim.
1557 3436 1925 3504 Pluscum
2107 3458 2181 3504 m
2206 3488 2226 3519 ‚
2279 3433 2496 3526 cujus
2539 3436 2705 3507 edi..

605 3540 723 3614 tio
765 3537 1107 3613 absoluta
1143 3535 1448 3610 demum
1478 3351 2354 3742 malfiae
2404 3539 2490 3610 in
2535 3564 2702 3613 ma·
2815 3535 2826 3548 '

603 3625 775 3724 nus
788 3664 986 3715 meas
1018 3639 1384 3735 pervenit,
1436 3661 1677 3731 repen
1935 3662 2014 3710 m
2041 3640 2244 3713 idem
2278 3641 2698 3728 consilium

601 3745 841 3821 fuisse
874 3755 1257 3829 secutum,
1309 3738 1439 3814 sed
1470 3766 1570 3835 qu
1742 3745 2331 3816 commentarios
2365 3744 2693 3819 indices-

607 3875 754 3948 que
783 3847 1219 3945 promiscue
1254 3868 1482 3938 comp
1674 3861 1737 3929 t,
1793 3849 1894 3918 ob
1931 3846 2144 3965 quod
2180 3871 2484 3922 summo
2526 3849 2694 3939 jure

492 3983 507 3998 ·
602 3954 834 4028 etiam
871 3952 963 4024 ab
1002 3948 1550 4044 Oudendorpio
1579 3947 1863 4043 passim
1898 3950 2263 4044 carpitur,
2317 3971 2390 4023 et
2421 3953 2690 4026 inutili

526 4053 543 4062 ’
602 4060 812 4129 mole
838 4057 1195 4130 lectorem
1391 4055 1624 4139 uisse,
1681 4069 1752 4122 et
1799 4055 2250 4140 contulisse,
2317 4076 2505 4151 quae
2552 4057 2686 4128 vel

540 4183 865 4257 parum
902 4158 1175 4234 idonea
1386 4155 1624 4227 aliena
1671 4159 1896 4230 etiam
1945 4176 2017 4230 et
2063 4157 2382 4232 absurda
2434 4175 2678 4230 atten-

590 4263 775 4338 tiori
804 4258 1381 4350 lectioneiacile
1415 4251 1960 4373 cognovisset.
2001 4268 2372 4370 Ceterum
2397 4280 2673 4359 poetas
