2884 4859
757 853 2020 972 PRAEFATIQ

300 1273 888 1426 Pleiseherus,
944 1334 1162 1429 cuius
1217 1340 1634 1440 singularia
1693 1345 1786 1418 de
1811 1344 2078 1444 'literis
2124 1364 2198 1418 et
2241 1345 2427 1420 soli·

315 1463 539 1536 dion-i
594 1463 931 1535 maxime
975 1461 1406 1534 eruditione
1451 1467 1720 1537 merita
1788 1487 2056 1538 omnes
2117 1482 2434 1552 norunt,
2477 1543 2484 1548 ,

321 1589 607 1678 quum
626 1584 795 1648 ante
836 1566 1301 1652 triennium,
1352 1570 1770 1666 plerosque
1827 1587 2222 1642 auctorum
2273 1575 2430 1643 Ro·-

324 1665 781 1752 manorum,
849 1670 982 1766 qui
1029 1668 1112 1739 in
1157 1669 1441 1743 scholis
1495 1672 1647 1772 legi
1695 1672 1983 1757 solent,
2058 1674 2428 1743 continua

320 1774 528 1858 ,serie
569 1770 841 1843 edendi
897 1773 1315 1846 consilium
1365 1776 1718 1869 cepisset,
1798 1793 2022 1871 atque
2088 1775 2192 1848 ita
2259 1776 2428 1871 qui·

321 1879 540 1962 dem,
600 1895 725 1962 ut,
772 1889 987 1947 textu
1034 1868 1128 1945 ad
1174 1875 1501 1970 optimas
1552 1877 1923 1949 editiones
1971 1880 2092 1949 vel
2123 1879 2424 1950 reddito

310 1983 441 2056 vel
494 1981 914 2051 accuratius
965 1980 1429 2065 constituto,
1497 1981 1744 2054 brevis
1795 1983 2191 2053 annotatio
2243 1983 2421 2054 sub·

316 2084 712 2177 iiceretur,
786 2101 981 2202 quae
1025 2082 1600 2157 accommodata
1658 2084 1752 2156 ad
1817 2084 2422 2157 adolescentulo·

321 2213 493 2278 nun
540 2187 892 2284 ingenia,
945 2171 1469 2273 removendis,
1527 2213 1716 2284 quae
1755 2183 2241 2285 gravissimae
2285 2211 2420 2260 eos

322 2269 798 2387 impediunt,
866 2287 1468 2364 difficultatibus*
1495 2291 1909 2376 sufficeret,
1973 2292 2194 2389 eique
2240 2315 2419 2387 ope-

288 2420 443 2469 ·rae
490 2395 702 2466 vitos
750 2394 1082 2468 maxime
1144 2393 1614 2469 adhibendos
1678 2391 2054 2480 duxisset,
2143 2396 2279 2490 qui
2333 2395 2419 2468 in

240 2556 251 2564 .
318 2499 634 2596 publica
662 2497 1085 2585 juventutis
1114 2498 1606 2570 institutione
1637 2499 1944 2586 versati,
2002 2496 2186 2616 quid
2234 2522 2420 2572 con·

327 2604 635 2674 duceret
670 2602 817 2671 illi
826 2602 1087 2687 aetati,-
1148 2602 1592 2697 quotidiana
1629 2602 2088 2697 experientia
2134 2601 2421 2674 discere

326 2705 556 2780 facile
606 2704 1076 2800 potuissent,
1158 2729 1348 2799 quae
1394 2705 1516 2775 illi
1562 2714 1673 2777 es't
1713 2706 1868 2777 fere
1921 2705 2272 2775 translata
2328 2703 2421 2774 ab

328 2799 725 2883 Erfurdtio
754 2807 1141 2903 quondam
1186 2825 1461 2879 nostro
1516 2833 1683 2906 erga
1740 2831 1864 2877 me
1913 2807 2284 2889 amicitia,
2321 2824 2423 2876 ut

342 2909 441 2982 ad
490 2934 681 2995 rem,
736 2910 944 3000 cujus
996 2931 1157 2983 non
1215 2913 1574 3007 exiguam
1618 2928 1948 3006 speraret
1998 2910 2424 2993 utilitatem,

248 3053 259 3064 -
332 3014 491 3087 mei
517 3014 800 3108 aliquid
830 3015 1108 3085 laboris
1141 3013 1599 3101 conferrem,
1651 3014 1988 3112 benigno
2025 3012 2117 3083 de
2148 3011 2423 3087 studiis

324 3113 846 3210 fimisjudicio
881 3119 1362 3204 desiderabat,
1469 3125 1565 3193 Et
1617 3141 1851 3215 quum
1906 3116 2273 3214 eligendi,
2335 3116 2423 3188 in

327 3247 487 3320 quo
524 3221 982 3294 elaborarem
1004 3276 1022 3307 ,
1078 3223 1408 3295 auctoris
1445 3223 1665 3320 copia
1701 3222 1945 3293 adhuc
1981 3232 2423 3315 superesset,

323 3325 608 3414 incidit
635 3325 891 3406 statim
937 3327 1236 3397 animus
1271 3328 1353 3396 in
1387 3325 1876 3412 Suetonium,
1935 3341 2019 3394 ut
2055 3348 2281 3420 quem
2321 3324 2423 3396 ob

338 3443 814 3503 contractam
846 3423 1170 3526 a²pueris
1222 3429 1847 3513 familiaritatem,
1900 3433 2426 3499 continuatam

329 3541 463 3631 p‘er
554 3535 808 3627 plures
890 3557 1134 3608 annos
1216 3534 1606 3627 publicam
1665 3531 2426 3625 interpretationem.
2535 3537 2554 3541 “

331 3636 837 3730 multiplicem
897 3635 1261 3732 denique,
1351 3661 1575 3732 quam
1644 3633 2202 3708 eruditissimus
2247 3634 2428 3705 scri·

330 3757 511 3837 ptor
556 3737 1023 3848 suppeditat,
1098 3740 1487 3812 materiam
1528 3739 1975 3832 jamdudum
2025 3737 2429 3809 intentiori

335 3837 643 3916 studio
669 3843 1327 3942 commendatum,
1382 3843 1714 3928 ⁴futurae
1777 3840 1976 3914 vitae
2034 3841 2429 3913 laboribus

328 3943 632 4041 saepius
670 3942 1185 4022 destinassem.
1264 3935 1530 4044 Neque
1565 3943 2051 4045 ignorabam,
2107 3969 2297 4041 quae
2329 3937 2430 4016 ob

328 4075 427 4122 eo
480 4052 839 4144 incepto
833 4051 1245 4123 absterrere
1290 4077 1411 4122 me
1461 4059 1774 4148 p‘ossent
1824 4048 2197 4133 rationes,
2265 4049 2429 4121 imo
2537 4081 2544 4088 ·

328 4152 816 4248 reputabam,
878 4159 1065 4250 quot
1103 4175 1171 4226 et
1210 4158 1466 4249 quales
1495 4155 1644 4229 viri
1677 4151 2182 4224 eruditionem
2220 4171 2438 4223 suam
2499 4149 2502 4152 Α
2600 4163 2608 4188 ¹

240 4302 249 4312 -
330 4257 427 4330 in
471 4258 1030 4333 recensendum
1072 4259 1756 4357 explicandumque
1798 4257 2006 4329 huuc
2053 4259 2446 4330 'auctorem
