2884 4859
802 345 1706 406 nitentat-102.
2081 339 2259 422 ‘xxi

152 552 350 606 rum
376 521 691 600 nomine
731 542 1026 620 poterat
1063 521 1378 623 sperari,
1418 551 1674 625 ‘neque
1717 525 1802 599 id
1849 524 2044 601 vitio
2085 547 2250 600 ver-

152 631 493 708 tendum
532 628 1001 726 gravissimis
1044 630 1272 720 viris,
1364 657 1603 727 quum
1640 631 1763 703 illi
1810 630 2245 704 auditorum

158 736 474 832 ingenia
538 734 1023 829 privataeque
1068 732 1576 807 institutionis
1634 735 2038 809 utilitatem
2080 758 2248 830 spe-

172 857 485 924 ctarent,
538 835 881 932 adeoque
910 838 993 909 in
1022 838 1436 912 levioribus
1488 863 1735 937 saepe,
1788 863 1976 935 quae
2020 839 2248 937 igno·
2363 889 2372 896 -

176 946 313 1013 rari
355 940 609 1012 adhuc
652 938 1044 1026 videbant,
1098 941 1626 1029 subsisterent,
1689 965 1934 1037 neque
1977 942 2062 1013 in
2101 966 2244 1038 pu,-

178 1045 454 1116 blicam
538 1042 835 1115 exitura
900 1046 1079 1130 illa,
1158 1046 1595 1144 cogitarent.
1724 1052 1837 1118 Ita
1897 1045 2241 1119 Reitzius

157 1149 383 1220 etiam
440 1145 693 1219 modo
738 1146 1045 1244 antiqua
1098 1152 1622 1224 Romanorum
1668 1149 2014 1223 instituta
2061 1148 2276 1238 illu-2

149 1270 339 1328 strat
366 1305 388 1337 ‚
471 1249 716 1322 modo
783 1274 1008 1322 usum
1064 1252 1473 1326 verborum
1533 1271 1607 1326 et
1670 1255 2240 1348 grammaticam

141 1347 711 1451 etymologiam
760 1353 1101 1456 indagat,
1153 1361 1539 1454 multaque
1578 1356 1996 1441 immiscet,
2052 1378 2246 1452 quae
2359 1409 2364 1420 .

136 1461 343 1546 viva
366 1458 679 1555 quidem
712 1480 904 1529 voce
930 1456 1106 1530 addi
1136 1462 1419 1548 solent,
1471 1460 1795 1533 editioni
1843 1483 2002 1533 non
2048 1479 2237 1530 con·
2323 1515 2338 1524 .

134 1563 502 1637 veniunt.
612 1560 1004 1646 Ceterum,
1054 1559 1236 1634 inde
1269 1564 1498 1636 etiam
1542 1563 1744 1636 varia
1783 1587 1905 1634 me
1938 1563 2235 1634 desum·

135 1668 343 1740 sisse
341 1719 383 1786 .’
441 1686 635 1760 quae
664 1688 831 1759 prae
858 1662 1121 1737 ceteris
1154 1653 1373 1738 utilia
1406 1666 1860 1752 viderentur,
1909 1667 2232 1737 lectores

134 1769 455 1866 passim
512 1767 936 1850 invenient3
1020 1785 1091 1840 et
1153 1795 1306 1865 quo
1360 1795 1608 1859 major
1652 1769 1735 1841 in
1772 1765 2115 1867 legendis
2159 1784 2235 1837 et

133 1870 729 1973 perlustrandis,
773 1894 962 1966 quae
992 1870 1076 1943 in
1105 1897 1527 1967 paucorum
1573 1891 1871 1946 tantum
1921 1893 2236 1965 conspe·
2277 1925 2286 1934 .

138 1994 363 2048 ctum
420 1975 782 2058 veniunt,
860 1977 1252 2069 voluptas,
1322 2001 1412 2048 eo
1470 1977 1811 2076 graviora
1865 1975 2088 2048 etiarn
2137 1972 2230 2042 de

136 2103 377 2176 opera
412 2096 677 2150 nostra
709 2095 890 2148 sunt
914 2078 1178 2150 merita
1218 2079 1405 2168 viri,
1462 2081 1594 2176 qui
1629 2079 1963 2151 illorum
2007 2100 2231 2148 usum

132 2182 415 2266 nobis,
468 2200 540 2252 et
571 2178 707 2277 qui
739 2199 1060 2251 utuntur
1084 2183 1408 2271 nostris,
1463 2183 1806 2256 invidere
1830 2183 2107 2254 noluit.

354 2283 708 2359 Restabat
753 2284 1033 2370 adhuc,
1125 2304 1213 2357 ut
1280 2285 1371 2356 de
1431 2286 1800 2385 glossario
1864 2276 2230 2382 {quaedam

138 2411 736 2488 praemonet-em.
845 2385 1022 2472 Sed,
1080 2389 1448 2483 quoniam
1490 2389 1841 2461 librarius
1881 2383 2256 2482 precibus

142 2495 349 2566 meis
379 2493 527 2563 hoc
564 2488 806 2575 dedit,
860 2507 947 2586 ιιι
972 2492 1292 2565 seorsim
1317 2492 1459 2565 iste
1500 2494 1807 2570 libellus
1857 2491 2232 2563 emittere·

140 2616 316 2687 tur,
363 2612 670 2690 propter
698 2616 870 2678 eos,
922 2596 1054 2689 qui
1109 2595 1251 2665 alia
1300 2595 1698 2667 editione
1673 2619 1828 2687 Jam
1873 2590 2230 2666 instructi

139 2699 465 2796 aliquod
492 2696 1139 2795 interpretationis
1186 2696 1619 2776 subsidium
1665 2715 2060 2792 cuperent,
2112 2691 2228 2764 ibi

141 2803 342 2901 quid
374 2801 678 2874 consilii
710 2800 951 2874 secuti
978 2799 1383 2889 fuerimus,
1438 2800 1879 2896 exponendi
1923 2797 2238 2896 occasio¹

144 2922 530 2998 suppetet.
666 2911 963 3002 Itaque,
1053 2929 1280 3002 quem
1356 2904 1697 2977 laborem
1765 2898 2226 2973 tristissimis

2 3029 32 3098 μ
74 3093 107 3118 ι
158 3005 677 3100 temporibus,
726 3030 1074 3104 oppressa
1123 3006 1345 3079 foeda
1396 3005 1927 3098 dominatione
1965 3000 2227 3097 patria,
2323 3061 2328 3070 .

96 3108 699 3194 Ἰιιᾴιιιωίιιειιιο
728 3130 812 3182 ιιι
843 3111 1206 3185 omnibus
1216 3110 1445 3207 pacis
1479 3109 1803 3195 artibus,
1851 3109 1958 3178 ita
1987 3104 2224 3177 literis

6 3303 7 3306 Ἴ
128 3201 610 3322 mQt
676 3215 1032 3334 antiquae
1085 3213 1506 3287 eruditioni
1551 3213 1829 3299 exitio,
1915 3209 2224 3282 adortus

124 3317 478 3403 fueram,
673 3334 786 3388 tea
821 3315 1016 3388 inter
1045 3315 1340 3389 medios
1389 3316 1593 3390 belli
1613 3316 2023 3399 tumultus,
2079 3312 2224 3383 cir-

122 3439 525 3513 cumstrep
863 3421 1128 3506 armis,
1180 3443 1396 3515 saepe
1426 3420 1766 3492 adstante
1800 3416 2024 3490 etiam
2080 3414 2222 3487 mi·-

120 3526 319 3611 lite,
388 3519 1215 3619 continuavfflquem,
1271 3547 1538 3619 parum
1570 3521 1908 3619 denique
1952 3518 2222 3601 aberat,

8 3699 11 3718 ,
106 3630 339 3728 ¹quin
386 3626 547 3722 ipse
594 3626 867 3700 sumtis
911 3625 1179 3714 armis,
1246 3645 1493 3698 morte
1539 3625 1796 3700 forsan
1858 3619 2221 3718 oppetita,

8 3721 19 3850 L
114 3733 807 3824 interrumperem,
893 3754 1137 3813 eum,
1187 3735 1355 3802 Deo
1406 3729 1586 3801 satis
1636 3729 1899 3828 dignas
1950 3721 2222 3838 gratias

10 3855 13 3920 5
112 3835 396 3909 dicere
421 3856 737 3927 nequeo,
781 3832 991 3928 quod
1023 3832 1411 3907 absolvere
1438 3833 1629 3906 mihi
1657 3826 1983 3924 contigit
2010 3822 2222 3896 resti·

111 3958 299 4015 tuta
336 3935 645 4007 laetiori
656 3958 913 4009 rerum
952 3935 1231 4023 forma,
1284 3960 1670 4056 oppresso
1688 3951 2056 4027 tyranno·
2105 3948 2221 3996 ¹⁶·

114 4058 490 4138 cuperata
515 4037 898 4124 libertate,
951 4058 1381 4112 renascente
1418 4038 1789 4116 {dicioris
1841 4033 2005 4106 aevi
2061 4051 2216 4124 spe,

12 4165 13 4174 ’
112 4166 357 4220 novo
386 4160 841 4261 emergente
853 4142 1238 4215 literarum
1261 4141 1467 4228 flore,
1503 4140 1954 4233 'redditaque
1971 4132 2222 4210 omni·

114 4250 330 4334 buS,
382 4269 574 4342 quae
601 4244 849 4317 emori
905 4264 1283 4348 coeperat,
1335 4247 1535 4319 vitae
1581 4241 1928 4366 publicae
1977 4239 2226 4340 priva·

116 4373 421 4450 tneque
489 4347 908 4439 staurium,
1000 4374 1190 4450 quac
1254 4348 1518 4430 omnia
1574 4346 1693 4424 uti
1725 4369 2021 4448 sperare
2061 4359 2239 4416 cum
