2884 4859
482 295 610 362 ,111
867 363 875 372 β
1116 276 1940 350 rasurarr'oss

489 467 645 561 iam
699 464 1292 554 convertissent,
1346 486 1433 542 ut
1482 469 1950 570 arrogantiae
1985 464 2146 544 fere
2175 466 2610 561 videretur,

487 574 881 648 subinde
856 601 942 647 ιιι
974 557 1345 645 diversam
1383 575 1836 646 sententiam
1867 571 2235 665 judicare,
2289 563 2607 672 im'por-

443 753 447 760 ,
489 679 877 765 tunitatis,
951 676 1264 775 vestigia
1309 699 1578 749 eorum
1626 679 1886 777 sequi,
1963 696 2036 750 et
2081 676 2358 751 melius
2429 677 2609 767 iam
2655 693 2662 700 ’

490 782 835 877 exposita
863 798 1151 877 praeter
1200 780 1718 854 necessitatem
1765 800 2127 878 repeterez
2179 781 2611 878 perspicie-

488 884 705 973 bam,
759 903 1118 982 quantam
1167 885 1592 982 argumenti
1637 885 1953 959 varietas
1997 909 2167 959 non
2216 886 2608 958 historiae

484 1005 829 1077 tantum,
927 987 1060 1062 sed
1144 988 1437 1060 omnis·
1471 989 1679 1064 *vitae
1735 988 1992 1086 reique
2052 995 2604 1066 Romanorum

424 1111 433 1119 ·
486 1118 731 1190 quum
761 1090 1147 1188 publicae,
1197 1109 1365 1163 tum
1400 1092 1731 1186 privatae
1762 1093 2166 1192 requireret
2198 1092 2602 1191 cognitio-

397 1225 406 1238 ·
485 1219 710 1281 nem3
770 1194 1001 1288 {haud
1076 1193 1487 1268 mediocris
1557 1195 1881 1293 denique
1942 1196 2026 1269 in
2069 1216 2382 1293 promtu
2427 1212 2599 1267 erat

368 1297 375 1306 ’
484 1309 852 1373 numerus
893 1301 1285 1384 locorum,
1355 1298 1440 1372 in
1491 1299 1769 1396 quibus
1817 1301 1940 1374 vel
1985 1301 2280 1373 residua
2323 1317 2596 1378 textus
2653 1365 2660 1378 ,

491 1403 951 1497 corruptela,
997 1404 1120 1474 vel
1156 1419 1429 1492 rerum·
1453 1401 1791 1498 ipsarum
1834 1401 2245 1478 difficultas
2291 1417 2608 1486 vanam

487 1499 1244 1578 hactenus''aliorum
1294 1530 1601 1600 operam
1666 1505 2135 1581 reddidisset.
2254 1504 2598 1581 Accede-

486 1607 653 1695 bat,
728 1609 941 1705 quod
981 1633 1097 1695 ea,
1165 1632 1362 1705 quae.
1396 1633 1494 1682 ex
1544 1609 1774 1684 novis
1815 1610 2220 1698 subsidiis,
2289 1609 2601 1682 codici-

488 1712 632 1784 bus
676 1709 1031 1785 nondum
1088 1712 1585 1807 comparatis,
1639 1714 1942 1809 alioque
1975 1738 2186 1787 nunc
2235 1713 2595 1808 primum

480 1815 571 1888 in
599 1815 1098 1917 lucem-dito
1130 1833 1529 1910 apparatu,
1580 1815 1989 1915 singularis
2023 1838 2181 1891 esse
2220 1819 2420 1890 solet
2468 1841 2594 1889 re-

478 1919 940 1992 centissimis
969 1917 1441 1990 editionibus
1473 1917 2074 2006 commendatio,
2119 1937 2423 1992 nostrae
2456 1918 2593 1990 de·

480 2011 643 2097 esse
694 2019 847 2092 sere
893 2020 1310 2094 videbatur.
1420 2021 1614 2110 Sed,-
1654 2040 1741 2092 ιιι
1789 2020 1953 2094 fieri
1999 2023 2230 2108 solet,
2287 2021 2588 2108 eadem,

440 2150 676 2234 quae
734 2129 1048 2197 avocare
1107 2123 1480 2196 debebant
1545 2149 1589 2197 a
1641 2123 1944 2209 labore,
2024 2123 2584 2220 impedimenta

476 2229 973 2326 praecipuum
1013 2226 1110 2300 ad
1157 2205 1784 2326 aggrediendum.
1812 2228 2010 2300 mihi
2066 2228 2588 2302 admoverunt

388 2403 397 2412 ,
478 2333 915 2415 stimulum,
979 2330 1085 2404 ita
1133 2350 1464 2418 tamen,·
1486 2349 1606 2416 ut,
1653 2354 1848 2428 quos
1897 2330 2291 2428 scripserat
2338 2331 2597 2405 libra-

477 2435 578 2507 rii
615 2435 1066 2520 consilium,
1132 2434 1361 2521 fines,
1416 2459 1517 2507 ne
1546 2458 2054 2530 supervacuus
2081 2452 2342 2510 noster
2374 2452 2589 2511 esset

475 2537 741 2623 labor,
793 2537 1213 2610 admodum
1240 2537 1712 2612 excedendos
1750 2538 2283 2622 existimarem.
2349 2602 2360 2613 ,

390 2645 397 2652 ’
634 2649 936 2737 Itaque,
1011 2667 1251 2738 quum
1298 2642 1764 2716 Fleischerus
1812 2642 2143 2716 maxima
2182 2639 2585 2733 facilitate,

472 2729 700 2819 nullo
732 2744 972 2819 modo
999 2767 1079 2820 se
1110 2745 1857 2839 circumscriptarum
1883 2747 2211 2819 rationes
2245 2762 2586 2833 nostras,

476 2866 986 2935 asseverasset,
1037 2866 1111 2920 et
1140 2848 1569 2948 gravissimi
1601 2848 1773 2932 viri,
1826 2873 2155 2947 quorum
2187 2845 2583 2940 judicium

476 2956 873 3050 explorare
939 2951 1254 3037 licebat,
1334 2971 1680 3040 auctores
1741 2953 2203 3041 extitissent,
2288 2953 2586 3027 accessi

474 3056 572 3129 ad
615 3080 809 3140 rem,
876 3053 997 3126 his
1048 3053 1547 3146 potissimum
1581 3053 1882 3152 legibus
1930 3055 2415 3144 constitutis,
2488 3073 2581 3132 ut
2677 3125 2688 3132 .

414 3191 419 3196 ¹
473 3177 772 3231 textum
817 3154 913 3227 ad
960 3155 1773 3250 praestantissimarum
1818 3153 2251 3229 editionum
2309 3155 2578 3247 fidem,

476 3260 1023 3356 criticumque,
1082 3281 1309 3354 quem
1356 3256 1751 3344 exhibent,
1801 3277 2280 3360 apparatum..
2332 3285 2571 3357 quam

474 3362 892 3440 castissime
950 3384 1290 3456 possem,
1375 3358 1843 3436 reddendum
1902 3385 2271 3450 curarum,
2354 3383 2572 3439 com-

471 3466 933 3542 monterium
991 3460 1355 3537 historiae
1414 3466 1746 3538 maxime
1810 3465 2156 3563 ipsisque
2192 3465 2415 3541 rebus
2457 3492 2569 3546 ex

468 3571 651 3645 aliis
685 3568 1205 3642 monumentis
1235 3567 1706 3641 illustrandis
1739 3569 2210 3656 destinarem,
2268 3574 2568 3648 clavem

475 3673 806 3772 denique
853 3671 1342 3769 adjungerem
1383 3672 1508 3743 vel
1553 3671 2041 3771 glossarium,
2111 3674 2323 3770 quod
2364 3676 2568 3750 ultra

469 3778 811 3874 'vulgaris
861 3774 1140 3848 indicis
1191 3773 1556 3861 modum,
1607 3776 1720 3854 ju
1758 3777 2063 3876 uberius
2115 3777 2564 3874 explicanda

470 3880 883 3956 Latinitate
910 3903 1205 3974 usuque
1238 3877 1543 3950 dicendi
1599 3903 1837 3977 quum
1899 3882 2561 3968 communi„tum

470 3980 744 4060 Nostri
779 4000 1213 4056 versaretur.
1317 3977 1682 4056 Eminent
1713 4001 1962 4058 autem
1997 3984 2195 4058 inter
2221 3987 2562 4082 superio-

471 4088 581 4162 ris
626 4085 864 4181 seculi
915 4085 1291 4158 editiones
1348 4103 1539 4171 treS,
1586 4087 2198 4176 'Bm-manniam,
2253 4088 2560 4161 Ouden-

470 4190 885 4285 dorpiana,
948 4206 1021 4259 et
1070 4185 1545 4275 Ernesdana,
1602 4215 1642 4263 a
1687 4190 1977 4266 Wolfio
2027 4192 2373 4288 repetita,
2429 4189 2565 4264 sed

480 4294 595 4369 ita
623 4291 929 4370 diverso
958 4291 1294 4382 consilio
1326 4293 1760 4382 institutae,
1809 4313 1894 4371 ut
1932 4294 2315 4378 diversum
2343 4295 2571 4392 etiam
